<record><leader>00000cas a22000007a 4500</leader><controlfield tag="001">12332782</controlfield><controlfield tag="008">850801d18821945iauwr ne      0    0eng d</controlfield><datafield ind1=" " ind2=" " tag="010"><subfield code="a">sn 85049693 </subfield></datafield><datafield ind1=" " ind2=" " tag="040"><subfield code="a">INP</subfield><subfield code="b">eng</subfield><subfield code="c">INP</subfield><subfield code="d">OCLCQ</subfield></datafield><datafield ind1=" " ind2=" " tag="042"><subfield code="a">msc</subfield></datafield><datafield ind1="0" ind2="4" tag="245"><subfield code="a">The Livermore gazette.</subfield></datafield><datafield ind1=" " ind2=" " tag="260"><subfield code="a">Livermore, Iowa :</subfield><subfield code="b">C.B. Hull,</subfield><subfield code="c">1882-</subfield></datafield><datafield ind1=" " ind2=" " tag="300"><subfield code="a">v. :</subfield><subfield code="b">ill.</subfield></datafield><datafield ind1=" " ind2=" " tag="310"><subfield code="a">Weekly</subfield></datafield><datafield ind1="0" ind2=" " tag="362"><subfield code="a">Vol. 1, no. 1 (Sept. 30, 1882)-</subfield></datafield><datafield ind1="1" ind2=" " tag="362"><subfield code="a">Ceased in 1945?</subfield><subfield code="z">Cf. Bibl. of Iowa newspapers.</subfield></datafield><datafield ind1=" " ind2=" " tag="500"><subfield code="a">Publisher varies.</subfield></datafield><datafield ind1=" " ind2=" " tag="500"><subfield code="a">Issues from 1891-Jan. 1897 include section called: Bode department, which contains same numbering as The Livermore gazette.</subfield></datafield><datafield ind1=" " ind2=" " tag="525"><subfield code="a">Holiday supplement issued Dec. 1889.</subfield></datafield><datafield ind1=" " ind2=" " tag="752"><subfield code="a">United States</subfield><subfield code="b">Iowa</subfield><subfield code="c">Humboldt</subfield><subfield code="d">Livermore.</subfield></datafield><datafield ind1=" " ind2=" " tag="752"><subfield code="a">United States</subfield><subfield code="b">Iowa</subfield><subfield code="c">Humboldt</subfield><subfield code="d">Bode.</subfield></datafield><datafield ind1="0" ind2=" " tag="775"><subfield code="t">Gazette (Luverne, Iowa)</subfield></datafield><datafield ind1="1" ind2=" " tag="787"><subfield code="t">Bode department</subfield></datafield></record>